@conference{who,
	title =		{Manual of the international statistical classification of diseases, injuries, and causes of death},
	volume = 	1,
	publisher =	{World Health Organization},
	year = 		{1977}
}